@inproceedings{Liu2007,
author = {Liu, Yang and Huang, Xiangji and An, Aijun and Yu, Xiaohui},
booktitle = {Proceedings of the 30th annual international ACM SIGIR conference on Research and development in information retrieval},
file = {:C$\backslash$:/Users/Bas/Desktop/Assignment 8/p607-liu.pdf:pdf},
isbn = {1595935975},
pages = {607--614},
publisher = {ACM},
title = {{ARSA: a sentiment-aware model for predicting sales performance using blogs}},
year = {2007}
}
@article{Li2009,
address = {New York, New York, USA},
author = {Li, Tao and Sindhwani, Vikas and Ding, Chris and Zhang, Yi},
doi = {10.1145/1571941.1572093},
file = {:C$\backslash$:/Users/Bas/Desktop/Assignment 8/p716-li.pdf:pdf},
isbn = {9781605584836},
journal = {Proceedings of the 32nd international ACM SIGIR conference on Research and development in information retrieval - SIGIR '09},
keywords = {ative matrix factorization,nonneg-,sentiment analysis,transfer learning},
pages = {716},
publisher = {ACM Press},
title = {{Knowledge transformation for cross-domain sentiment classification}},
url = {http://portal.acm.org/citation.cfm?doid=1571941.1572093},
year = {2009}
}
@article{Liu,
author = {Liu, Yang and Yu, Xiaohui and Huang, Xiangji and An, Aijun},
file = {:C$\backslash$:/Users/Bas/Desktop/Assignment 8/p873-liu.pdf:pdf},
isbn = {9781605588964},
keywords = {prediction,review mining,sentiment analysis},
pages = {873--874},
title = {{S-PLSA + : Adaptive Sentiment Analysis with Application to Sales Performance Prediction}}
}
@article{Yu2010,
author = {Yu, Xiaohui and Liu, Yang and Huang, Xiangji and An, Aijun},
file = {:C$\backslash$:/Users/Bas/Desktop/Assignment 8/p1217-yu.pdf:pdf},
isbn = {9781605587998},
keywords = {review mining,review quality mining},
number = {1},
pages = {1217--1218},
title = {{A Quality-Aware Model for Sales Prediction Using Reviews Categories and Subject Descriptors}},
year = {2010}
}
