@inproceedings{Socher2013,
author = {Socher, Richard and Perelygin, Alex and Wu, Jean Y and Chuang, Jason and Manning, Christopher D and Ng, Andrew Y and Potts, Christopher},
booktitle = {Proceedings of the Conference on Empirical Methods in Natural Language Processing (EMNLP)},
title = {{Recursive deep models for semantic compositionality over a sentiment treebank}},
year = {2013}
}

@conference{Mishne2006,
annote = {cited By (since 1996)11},
author = {Mishne, G and Glance, N},
booktitle = {AAAI Spring Symposium - Technical Report},
pages = {155--158},
title = {{Predicting movie sales from blogger sentiment}},
volume = {SS-06-03},
year = {2006}
}
@conference{Asur2010,
annote = {cited By (since 1996)67},
author = {Asur, S and Huberman, B A},
booktitle = {Proceedings - 2010 IEEE/WIC/ACM International Conference on Web Intelligence, WI 2010},
pages = {492--499},
title = {{Predicting the future with social media}},
volume = {1},
year = {2010}
}

@article{Yu2012,
author = {Yu, Xiaohui and Liu, Yang and Huang, Jimmy Xiangji and An, Aijun},
doi = {10.1109/TKDE.2010.269},
issn = {1041-4347},
journal = {IEEE Transactions On Knowledge And Data Engineering},
month = apr,
number = {4},
pages = {720--734},
title = {{Mining Online Reviews for Predicting Sales Performance: A Case Study in the Movie Domain}},
volume = {24},
year = {2012}
}

@inproceedings{Liu2007,
author = {Liu, Yang and Huang, Xiangji and An, Aijun and Yu, Xiaohui},
booktitle = {Proceedings of the 30th annual international ACM SIGIR conference on Research and development in information retrieval},
isbn = {1595935975},
pages = {607--614},
publisher = {ACM},
title = {{ARSA: a sentiment-aware model for predicting sales performance using blogs}},
year = {2007}
}


