@inproceedings{Socher2013,
author = {Socher et al},
title = {{Recursive deep models for semantic compositionality over a sentiment treebank}},
}

@conference{Mishne2006,
author = {Mishne, G and Glance, N},
title = {{Predicting movie sales from blogger sentiment}},
}
@conference{Asur2010,
author = {Asur, S and Huberman, B A},
title = {{Predicting the future with social media}},
}

@article{Yu2012,
author = {Yu, Xiaohui et al},
title = {{Mining Online Reviews for Predicting Sales Performance: A Case Study in the Movie Domain}},
}

@inproceedings{Liu2007,
author = {Liu, Yang and Huang, et al},
title = {{ARSA: a sentiment-aware model for predicting sales performance using blogs}},
}

@inproceedings{Joshi2010,
author = {Joshi, et al},
title = {{Movie reviews and revenues: An experiment in text regression}},
}

@incollection{Oghina2012,
author = {Oghina, et al},
title = {{Predicting imdb movie ratings using social media}},
}

@article{Dellarocas2007,
author = {Dellarocas, et al},
title = {{Exploring the value of online product reviews in forecasting sales: The case of motion pictures}},
url = {http://www.sciencedirect.com/science/article/pii/S1094996807700361},
}

@article{Best1974,
author = {Best, D J and Gipps, P G},
title = {{Algorithm AS 71: The upper tail probabilities of Kendall's Tau}},
}

@article{Kendall1938,
author = {Kendall, Maurice G},
title = {{A new measure of rank correlation}},
}



